@article{avn75,
  doi = {10.1086/153558},
  url = {http://dx.doi.org/10.1086/153558},
  year = {1975},
  month = {May},
  publisher = {IOP Publishing},
  volume = {197},
  pages = {675},
  author = {Y. Avni and J. N. Bahcall},
  title = {{Ellipsoidal light variations and masses of X-ray binaries}},
  journal = {ApJL},
}
